@Book{Rybicka:Latex,
author = "Jiří Rybička",
title = "\LaTeX{} pro začátečníky",
publisher = "KONVOJ",
address = "Brno",
year = "2003",
isbn = "80-7302-049-1",
}

@Book{Kottwitz:Latex,
author = "Stefan Kottwitz",
title = "\LaTeX{} Beginner's Guide",
publisher = "Packt Publishing Ltd.",
address = "Birmingham",
year = "2011",
isbn = "978-1-847199-86-7",
}

@Misc{Wiki:Typografia,
author = "Wikipedia",
title = "Typografia(umenie)",
howpublished = "online",
revised = "Poslední modifikace: 16.3.2017",
cited = "15.4.2017",
url = "https://sk.wikipedia.org/wiki/Typografia\_(umenie)",
}

@Misc{Detepe:Typografia,
author = "DeTePe",
title = "Typografia\,--\,pravidlá a~pojmy I.",
howpublished = "online",
revised = "Poslední modifikace: 12.6.2007",
cited = "15.4.2017",
url = "https://detepe.sk/typografia-pravidla-a-pojmy-i",
}

@Misc{Typografie-ikt:Historia,
author = "Typografie-ikt",
title = "Z~histórie o~typografii písma",
year = "2011",
howpublished = "online",
cited = "15.4.2017",
url = "http://typografie-ikt.blog.cz/1105/z-historie-o-typografii-pisma",
}

@InProceedings{TeX:conf,
author = "Syropulos, Apostolos and Berry, Karl and others", 
title = "TeX, XML, and Digital Typography",
booktitle = "International Conference on TeX, XML, and Digital Typography Held Jointly, with the 25th Annual Meeting of the TeX User Group",
address = "Berlin Heidelberg",
publisher = "Springer--Verlag",
year = "2004",
isbn = "3-540-22801-2",
}

@Article{Nishikimi:Fonts,
author = "Mikiko Nishikimi and K. Handa and Naoto Takahashi and S. Tomura", 
title = "When fonts do not know everything: an extensible system for multilingual text rendering",
journal = "Software: Practice and Experience",
volume = "38",
number = "1",
issn = "1097-024X",
pages = "1--31",
year = "2008",
}

@Article{Bang:Typography,
author = "Wong Bang", 
title = "Points of view: Typography",
journal = "Nature Methods",
volume = "8",
number = "4",
issn = "1548-7091",
pages = "277",
year = "2011",
}

@MasterThesis{Slavicek:Typografie,
author = "Tomáš Slavíček",
title = "Typografie a~fotografie",
school = "Masarykova univerzita",
address = "Brno",
year = "2007",
}

@BachelorThesis{Cerny:Znakove_sady,
author = "Martin Černý", 
title = "Znakové sady v typografických systémech",
school = "Mendlova zemědělská a~lesnícka univerzita v~Brně",
address = "Brno",
year = "1999",
}

